@book{Aco08,
author = "Alan C. Acock",
title = "A Gentle Introduction to {S}tata",
publisher = "Stata Press",
address = "College Station, TX",
year = "2008",
edition = "2.",
}

@book{Aik91,
author = "Leona S. Aiken and Stephen G. West",
title = "Multiple Regression: Testing and Interpreting Interactions",
publisher = "Sage",
address = "Thousand Oaks, CA",
year = "1991",
}

@book{Ame99,
author = "{American Educational Research Association/American Psychological Association/National Council on Measurement
in Education}",
title = "Standards for educational and psychological testing",
publisher = "American Educational Research Association",
address = "Washington, DC",
year = "1999",
edition = "4.",
}

@book{APA10,
title = "Publication Manual of the {A}merican {P}sychological {A}ssociation",
publisher = "American Psychological Association",
address = "Washington, DC",
year = "2010",
edition = "6th",
}

%author = "{{\bibcorporate{American Psychological Association}}}",

@book{Bam09,
author = "Kornelius Bamberger",
title = "S{PSS} {G}rundlagen: {E}inführung anhand der {V}ersion 17",
publisher = "Regionales Rechenzentrum für Niedersachsen",
address = "Hannover, Germany",
year = "2009",
edition = "14.",
}

@article{Bar58,
author = "A. H. Barton",
title = "Asking the Embarrassing Question",
journal = "Public Opinion Quarterly",
volume = "22",
pages = "67--68",
year = "1958",
}

@book{Bau08,
editor = "Nina Baur and Sabine Fromm",
title = "Datenanalyse mit {SPSS} für {F}ortgeschrittene",
publisher = "Verlag für Sozialwissenschaften",
address = "Wiesbaden, Germany",
year = "2008",
edition = "2.",
url = "http://dx.doi.org/10.1007/978-3-531-91034-5",
}

@book{Bec98,
author = "Hans-Peter Beck-Bornholdt and Hans-Hermann Dubben",
title = "Der {H}und, der {E}ier legt: {E}rkennen von {F}ehlinformation durch {Q}uerdenken",
publisher = "Rowohlt",
address = "Reinbek bei Hamburg, Germany",
year = "1998",
}

@incollection{Bem03,
author = "Daryl J. Bem",
title = "Writing the empirical journal article",
booktitle = "The Compleat Academic: A Career Guide",
publisher = "American Psychological Association",
address = "Washington, DC",
year = "2003",
editor = "J. M. Darley and M. P. Zanna and H. L. {Roediger III}",
pages = "185--219",
edition = "2nd",
}

@book{Ber10,
author = "Michael R. Berthold and Christian Borgelt and Frank Höppner and Frank Klawonn",
title = "Guide to Intelligent Data Analysis: How to Intelligently Make Sense of Real Data",
publisher = "Springer",
address = "London, England",
year = "2010",
}

@book{Bor06,
author = "Jürgen Bortz and Nicola Döring",
title = "Forschungsmethoden und {E}valuation für {H}uman- und {S}ozialwissenschaftler",
publisher = "Springer",
address = "Heidelberg, Germany",
year = "2006",
edition = "4.",
}

@article{Bow11,
author = "Jake Bowers",
title = "Six steps to a Better Relationship with Your Future Self",
journal = "The Political Methodologist",
volume = "18",
number = "2",
pages = "2--8",
year = "2011",
url = "http://polmeth.wustl.edu/methodologist/tpm_v18_n2.pdf",
}

@book{Bra06,
author = "Nicola Brace and Richard Kemp and Rosemary Snelgar",
title = "S{PSS} for psychologists",
publisher = "Palgrave Macmillan",
address = "Basingstoke, England",
year = "2006",
edition = "3.",
}

@book{Bro11,
author = "Felix Brosius",
title = "S{PSS} 19",
publisher = "mitp",
address = "Heidelberg, Germany",
year = "2011",
}

@book{Bue09,
author = "Markus Bühner and Matthias Ziegler",
title = "Statistik für {P}sychologen und {S}ozialwissenschaftler",
publisher = "Pearson",
address = "München, Germany",
year = "2009",
}

@book{Coh88,
author = "Jacob Cohen",
title = "Statistical Power Analysis for the Behavioral Sciences",
publisher = "Erlbaum",
address = "Hillsdale, NJ",
year = "1988",
edition = "2.",
}

@book{Dal95,
author = "Fergus Daly and David J. Hand and Chris Jones and Daniel Lunn and Kevin McConway",
title = "Elements of Statistics",
publisher = "Pearson Education",
address = "Harlow, England",
year = "1995",
}

@article{Dew86,
author = "William G. Dewald and Jerry G. Thursby and Richard G. Anderson",
title = "Replication in Empirical Economics: The {J}ournal of {M}oney, {C}redit and {B}anking {P}roject",
journal = "The American Economic Review",
volume = "76",
number = "4",
pages = "587--603",
year = "1986",
}

@article{Did07,
author = "Robert Didden and Jeff Sigafoos and Mark F. O'Reilly and Giulio E. Lancioni and Peter Sturmey",
title = "A Multisite Cross-Cutural Replication of {U}pper's (1974) Unsuccessful Self-Treatment of Writer's Block",
journal = "Journal of Applied Behavior Analysis",
volume = "40",
number = "4",
pages = "773",
year = "2007",
}

@incollection{Die98,
author = "A. Diekmann",
title = "Die {B}edeutung der {S}ekundäranalyse zur {K}ontrolle von {F}orschungsergebnissen",
booktitle = "Statistik im {D}ienste der {Ö}ffentlichkeit",
publisher = "Bundesamt für Statistik",
address = "Bern, Switzerland",
year = "1998",
editor = "W. Haug and K. Armingeon and P. Farago",
}

@book{Dil07,
author = "Don A. Dillman",
title = "Mail and internet surveys: the tailored design method",
publisher = "Wiley",
address = "Hoboken, NJ",
year = "2007",
edition = "2.",
}

@book{Fah04,
author = "Ludwig Fahrmeir and Rita Künstler and Iris Pigeot and Gerhard Tutz",
title = "Statistik",
publisher = "Springer",
address = "Berlin, Germany",
year = "2004",
edition = "5.",
}

@book{Fie09,
author = "Andy Field",
title = "Discovering statistics using {SPSS} (and sex and drugs and rock 'n' roll)",
publisher = "Sage",
address = "Los Angeles",
year = "2009",
edition = "3.",
}

@article{Fox05,
author = "John Fox",
title = "The {R} {C}ommander: A Basic-Statistics Graphical User Interface to {R}",
journal = "Journal of Statistical Software",
volume = "14",
number = "9",
pages = "1--42",
year = "2005",
url = "http://www.jstatsoft.org/v14/i09",
}

@article{Fre07,
author = "Jeremy Freese",
title = "Replication Standards for Quantitative Social Science: Why Not Sociology?",
journal = "Sociological Methods \& Research",
volume = "36",
number = "2",
pages = "153--172",
year = "2007",
}

@article{Gie08,
author = "Hartmut Gieselmann",
title = "D{VD}-{R}ohlinge im {L}angzeittest",
journal = "c't",
number = "16",
pages = "116--123",
year = "2008",
}

@book{Gla81,
author = "Gene V. Glass and Barry McGaw and Mary Lee Smith",
title = "Meta-Analysis in Social Research",
publisher = "Sage",
address = "Beverly Hills, CA",
year = "1981",
}

@book{Hal88,
author = "Ross Halfin",
title = "What are we doing this for?",
publisher = "Zomba",
address = "London, England",
year = "1988",
}

@book{Han08,
author = "David J. Hand",
title = "Statistics: A Very Short Introduction",
publisher = "Oxford University Press",
address = "Oxford",
year = "2008",
}

@article{Hea11,
author = "Kieran Healy",
title = "Choosing Your Workflow Applications",
journal = "The Political Methodologist",
volume = "18",
number = "2",
pages = "9--18",
year = "2011",
url = "http://polmeth.wustl.edu/methodologist/tpm_v18_n2.pdf",
}

@article{Hed04,
author = "Larry V. Hedges and Therese D. Pigott",
title = "The Power of Statistical Tests for Moderators in Meta-Analysis",
journal = "Psychological Methods",
volume = "9",
number = "4",
pages = "426--445",
year = "2004",
}

@article{Her95,
author = "Paul S. Herrnson",
title = "Replication, Verification, Secondary Analysis, and Data Collection in Political Science",
journal = "PS: Political Science and Politics",
volume = "28",
number = "3",
pages = "452--455",
year = "1995",
}
%. \mbox{doi:\href{http://dx.doi.org/10.2307/420301}{10.2307/420301}}\bibnodot{.}",

@article{Hot11,
author = "Torsten Hothorn and Friedrich Leisch",
title = "Case studies in repoducibility",
journal = "Briefings in Bioinformatics",
volume = "12",
number = "3",
pages = "288--300",
year = "2011",
}
%doi:10.1093/bib/bbq084

@book{Hun91,
author = "Morton Hunt",
title = "Die {P}raxis der {S}ozialforschung. {R}eportagen aus dem {A}lltag einer {W}issenschaft",
publisher = "Campus-Verlag",
address = "Frankfurt/Main, Germany",
year = "1991",
}

@book{Hun04,
author = "John E. Hunter and Frank L. Schmidt",
title = "Methods of Meta-Analysis: Correcting Error and Bias in Research Findings",
publisher = "Sage",
address = "Thousand Oaks, CA",
year = "2004",
edition = "2.",
}

@book{Jan10,
author = "Jürgen Janssen and Wilfried Laatz",
title = "Statistische {D}atenanalyse mit {SPSS}",
publisher = "Springer",
address = "Heidelberg, Germany",
year = "2007",
edition = "6.",
url = "http://dx.doi.org/10.1007/978-3-540-72978-5",
}

@article{Kin95,
author = "Gary King",
title = "Replication, Replication",
journal = "PS: Political Science and Politics",
volume = "28",
number = "3",
pages = "444--452",
year = "1995",
}
%. \mbox{doi:\href{http://dx.doi.org/10.2307/420301}{10.2307/420301}}\bibnodot{.}",

@article{Knu84,
author = "Donald E. Knuth",
title = "Literate Programming",
journal = "The Computer Journal",
volume = "27",
number = "2",
pages = "97--111",
year = "1984",
}

@book{Koh01,
author = "Ulrich Kohler and Frauke Kreuter",
title = "Datenanalyse mit {S}tata",
publisher = "Oldenbourg",
address = "München",
year = "2001",
}

@book{Koh09,
author = "Ulrich Kohler and Frauke Kreuter",
title = "Data Analysis Using {S}tata",
publisher = "Stata Press",
address = "College Station, TX",
year = "2009",
edition = "2.",
}

@book{Kra87,
author = "Helena Chmura Kraemer and Sue Thiemann",
title = "How Many Subjects: Statistical Power Analysis in Research",
publisher = "Sage",
address = "Newbury Park, CA",
year = "1987",
}

@book{Kue06,
author = "Steffen-M. Kühnel and Dagmar Krebs",
title = "Statistik für die {S}ozialwissenschaften",
publisher = "Rowohlt Taschenbuch Verlag",
address = "Reinbek bei Hamburg, Germany",
year = "2006",
edition = "3.",
}

@book{Lev10,
author = "Raynald Levesque and {SPSS Inc.}",
title = "Programming and Data Management for {PASW} {S}tatistics 18: A Guide for {IBM SPSS} Statistics and {SAS} Users",
publisher = "SPSS",
address = "Chicago, IL",
year = "2010",
url = "http://www.spss.com/sites/dm-book/",
}

@book{Lon09,
author = "J. Scott Long",
title = "The workflow of data analysis using {S}tata",
publisher = "Stata Press",
address = "College Station, TX",
year = "2009",
}

@incollection{Lue08,
author = "Detlev Lück and Nina Baur",
title = "Vom {F}ragebogen zum {D}atensatz",
booktitle = "Datenanalyse mit {SPSS} für {F}ortgeschrittene",
publisher = "Verlag für Sozialwissenschaften",
address = "Wiesbaden, Germany",
year = "2008",
editor = "Nina Baur and Sabine Fromm",
pages = "18--52",
edition = "2.",
}

%url = "http://dx.doi.org/10.1007/978-3-531-91034-5",

@incollection{Lue08b,
author = "Detlev Lück",
title = "Zusammenführen von {D}atensätzen und {W}echsel der {A}nalyseebene",
booktitle = "Datenanalyse mit {SPSS} für {F}ortgeschrittene",
publisher = "Verlag für Sozialwissenschaften",
address = "Wiesbaden, Germany",
year = "2008",
editor = "Nina Baur and Sabine Fromm",
pages = "53--72",
edition = "2.",
}

%url = "http://dx.doi.org/10.1007/978-3-531-91034-5",

@book{McC72,
author = "Celeste McCollough and Loche van Atta",
title = "Statistik programmiert",
publisher = "Beltz",
address = "Weinheim, Germany",
year = "1972",
edition = "3.",
}

@book{Nag92,
author = "Willi Nagl",
title = "Statistische {D}atenanalyse mit {SAS}",
publisher = "Campus Verlag",
address = "Frankfurt/Main, Germany",
year = "1992",
}

@article{Nag95,
author = "Jonathan Nagler",
title = "Coding Style and Good Computing Practices",
journal = "PS: Political Science and Politics",
volume = "28",
number = "2",
pages = "488--492",
year = "1995",
}

@book{Pop94,
author = "K. R. Popper",
title = "Logik der {F}orschung",
publisher = "J.\,C.\,B. Mohr",
address = "Tübingen, Germany",
year = "1994",
edition = "10.",
}

@Manual{R11,
title        = "R: A Language and Environment for Statistical Computing",
author       = "{R Development Core Team}",
organization = "R Foundation for Statistical Computing",
address      = "Vienna, Austria",
year         = 2011,
note         = "{ISBN} 3-900051-07-0",
url          = "http://www.R-project.org"
}

@book{Rab07,
author = "Sophia Rabe-Hesketh and Brian S. Everitt",
title = "A Handbook of Statistical Analyses Using {S}tata",
publisher = "Stata Press",
address = "College Station, TX",
year = "2007",
edition = "4.",
}

@book{Ray06,
author = "Tenko Raykov and George A. Marcoulides",
title = "A first course in structural equation modeling",
publisher = "Psychology Press",
address = "New York, NY",
year = "2006",
edition = "2.",
}

@book{Ron05,
author = "Gerd Ronning and Roland Sturm and Jörg Höhne and Rainer Lenz and Martin Rosemann and Michael Scheffler and Daniel Vorgrimler",
title = "Handbuch zur {A}nonymisierung wirtschaftsstatistischer {M}ikrodaten",
publisher = "Statistisches Bundesamt",
address = "Wiesbaden, Germany",
year = "2005",
}

@article{Sch91,
author = "Rainer Schnell",
title = "Die {V}ergleichsrichtung bestimmt nicht das {E}rgebnis von {V}ergleichsprozessen: Die {N}ichtreplikation der {E}rgebnisse von {S}chwarz \& {S}cheuring (1989)",
journal = "Zeitschrift für Sozialpsychologie",
volume = "22",
number = "1",
pages = "46--49",
year = "1991",
}

@book{Sch94,
author = "Rainer Schnell",
title = "Graphisch gestützte {D}atenanalyse",
publisher = "Oldenbourg",
address = "München, Germany",
year = "1994",
url = "http://www.ub.uni-konstanz.de/kops/volltexte/2008/5613/",
}

@book{Sch05,
author = "Rainer Schnell and Paul B. Hill and Elke Esser",
title = "Methoden der empirischen {S}ozialforschung",
publisher = "Oldenbourg",
address = "München, Germany",
year = "2005",
edition = "7.",
}

@article{Sto09,
author = "Victoria Stodden",
title = "The Legal Framework for Reproducible Research in the Sciences: Licensing and Copyright",
journal = "Computing in Science \& Engineering",
volume = "11",
number = "1",
pages = "35--40",
year = "2009",
}
%10.1109/MCSE.2009.19

@book{Tab07,
author = "Barbara G. Tabachnick and Linda S. Fidell",
title = "Using Multivariate Statistics",
publisher = "Pearson",
address = "Boston",
year = "2007",
edition = "5.",
}

@book{Tac97,
author = "Jacques Tacq",
title = "Multivariate Analysis Techniques in Social Science Research",
publisher = "Sage",
address = "London",
year = "1997",
}

@book{Tuf06,
author = "Edward R. Tufte",
title = "The Cognitive Style of {P}ower{P}oint: Pitching Out Corrupts Within",
publisher = "Graphics Press",
address = "Washington, DC",
year = "2006",
edition = "2.",
}

@techreport{Ven11,
type = "Notes on R: A Programming Environment for Data Analysis and Graphics, Version 2.13.1 (2011-07-08)",
author = "W. N. Venables and D. M. Smith and {the R Development Core Team}",
title = "An Introduction to {R}",
year = "2011",
url = "http://cran.r-project.org/doc/manuals/R-intro.pdf",
}

@book{Woo06,
author = "Jeffrey M. Wooldridge",
title = "Introductory Econometrics: A Modern Approach",
publisher = "Thomson",
address = "Mason, OH",
year = "2006",
edition = "3.",
}

@incollection{Zic09,
author = "Michael J. Zickar and Alison A. Broadfoot",
title = "The Partial Revival of a Dead Horse? Comparing Classical Test Theory and Item Response Theory",
booktitle = "Statistical and Methodological Myths and Urban Legends",
publisher = "Routledge",
address = "New York, NY",
year = "2009",
editor = "Charles E. Lance and Robert J. Vandenberg",
pages = "37--59",
}




@article{killme,
author = "",
title = "",
journal = "",
volume = "",
number = "",
pages = "",
year = "",
}

@book{killme2,
author = "",
title = "",
publisher = "",
address = "Washington, DC",
year = "",
edition = "",
}

@incollection{killme3,
author = "",
title = "",
booktitle = "",
publisher = "",
address = "",
year = "",
editor = "",
volume = "",
pages = "",
edition = "",
}
